<record><leader>00000cas a22000007a 4500</leader><controlfield tag="001">16961196</controlfield><controlfield tag="008">871110d18761890ohuwr ne      0    0eng d</controlfield><datafield ind1=" " ind2=" " tag="010"><subfield code="a">sn 87075200 </subfield></datafield><datafield ind1=" " ind2=" " tag="040"><subfield code="a">ONP</subfield><subfield code="b">eng</subfield><subfield code="c">ONP</subfield><subfield code="d">OCLCQ</subfield></datafield><datafield ind1=" " ind2=" " tag="042"><subfield code="a">msc</subfield></datafield><datafield ind1="0" ind2=" " tag="130"><subfield code="a">Albany echo (Albany, Ohio)</subfield></datafield><datafield ind1="1" ind2="4" tag="245"><subfield code="a">The Albany echo.</subfield></datafield><datafield ind1=" " ind2=" " tag="260"><subfield code="a">Albany, Athens County, Ohio :</subfield><subfield code="b">Dick A.R. Mckinstry</subfield></datafield><datafield ind1=" " ind2=" " tag="310"><subfield code="a">Weekly,</subfield><subfield code="b">Jan. 1877-Dec. 1890</subfield></datafield><datafield ind1=" " ind2=" " tag="321"><subfield code="a">Irregular,</subfield><subfield code="b">&lt;1876&gt;-Jan. 1877</subfield></datafield><datafield ind1="1" ind2=" " tag="362"><subfield code="a">Began in 1876? Ceased in Dec. 1890.</subfield></datafield><datafield ind1=" " ind2=" " tag="588"><subfield code="a">Description based on: Vol. 1, no. 2 (July 1876).</subfield></datafield><datafield ind1=" " ind2=" " tag="752"><subfield code="a">United States</subfield><subfield code="b">Ohio</subfield><subfield code="c">Athens</subfield><subfield code="d">Albany.</subfield></datafield><datafield ind1="0" ind2="4" tag="785"><subfield code="t">Athens herald (Athens, Ohio)</subfield><subfield code="w">(DLC)sn 87075199</subfield></datafield></record>